<?xml version="1.0" encoding="UTF-8"?><collection xmlns="http://www.loc.gov/MARC21/slim"><record><leader>00621nam--2200193-i-4500</leader><controlfield tag="001">000037546</controlfield><controlfield tag="002">20161230</controlfield><controlfield tag="005">20161230201041</controlfield><controlfield tag="008">060222s1000------------r-----000-0-eng-d</controlfield><datafield ind1=" " ind2=" " tag="040"><subfield code="a">IFIN-HH</subfield></datafield><datafield ind1=" " ind2=" " tag="080"><subfield code="a">539.143.43</subfield></datafield><datafield ind1="1" ind2=" " tag="100"><subfield code="a">Emsley, J. W</subfield></datafield><datafield ind1=" " ind2=" " tag="245"><subfield code="a">Progress in nuclear magnetic resonance spectroscopy</subfield><subfield code="b">Volume 8, part 1, part 2, part 3</subfield><subfield code="c">J.w.emsley, j.feeney, l.h.sutcliffe</subfield></datafield><datafield ind1=" " ind2=" " tag="260"><subfield code="a">Oxford</subfield><subfield code="b">Pergamon Press</subfield><subfield code="c">1971</subfield></datafield><datafield ind1=" " ind2=" " tag="300"><subfield code="a">THREE PARTS</subfield></datafield><datafield ind1="1" ind2=" " tag="700"><subfield code="a">Sutcliffe, L. H</subfield><subfield code="e">Ed</subfield></datafield><datafield ind1="1" ind2=" " tag="787"><subfield code="a">Part 3</subfield><subfield code="b">/162p/259p</subfield><subfield code="t">The Stereochemistry Of Double Bonds</subfield></datafield><datafield ind1=" " ind2=" " tag="852"><subfield code="a">27030</subfield><subfield code="c">539.143.43</subfield></datafield><datafield ind1=" " ind2=" " tag="CAT"><subfield code="a">Sys</subfield><subfield code="c">20120502</subfield><subfield code="h">145654</subfield></datafield></record></collection>